@inproceedings{Bi:2013:OET:2470654.2470732,
 author = {Bi, Xiaojun and Azenkot, Shiri and Partridge, Kurt and Zhai, Shumin},
 title = {Octopus: Evaluating Touchscreen Keyboard Correction and Recognition Algorithms via},
 booktitle = {Proceedings of the SIGCHI Conference on Human Factors in Computing Systems},
 series = {CHI '13},
 year = {2013},
 isbn = {978-1-4503-1899-0},
 location = {Paris, France},
 pages = {543--552},
 numpages = {10},
 url = {http://doi.acm.org/10.1145/2470654.2470732},
 doi = {10.1145/2470654.2470732},
 acmid = {2470732},
 publisher = {ACM},
 address = {New York, NY, USA},
 keywords = {simulation, text entry, touch screen interaction},
} 